@ONLINE{springdoc,
author = {Spring Inc.  },
title = {Spring Security Reference v3.2.4 RELEASE},
month = May,
year = {2014},
url = {http://docs.spring.io/spring-security/site/docs/3.2.4.RELEASE/reference/htmlsingle}
}

@ONLINE{dd,
author = {Spring Inc.  },
title = {Spring Security Reference v3.2.4 RELEASE},
month = May,
year = {2014},
url = {http://docs.spring.io/spring-security/site/docs/3.2.4.RELEASE/reference/htmlsingle}
}